<?xml version="1.0" encoding="UTF-8"?><collection xmlns="http://www.loc.gov/MARC21/slim"><record><leader>00734nam--2200241-u-4500</leader><controlfield tag="001">000050301</controlfield><controlfield tag="002">20161230</controlfield><controlfield tag="005">20161230201048</controlfield><controlfield tag="008">060522s1000------------r-----000-0-eng-d</controlfield><datafield ind1=" " ind2=" " tag="020"><subfield code="a">038794785X</subfield></datafield><datafield ind1=" " ind2=" " tag="040"><subfield code="a">IFIN-HH</subfield></datafield><datafield ind1=" " ind2=" " tag="080"><subfield code="a">530.145:539.12:512.623</subfield></datafield><datafield ind1="1" ind2=" " tag="100"><subfield code="a">Di Francesco, Philippe</subfield></datafield><datafield ind1="1" ind2="0" tag="245"><subfield code="a">Conformal Field Theory</subfield><subfield code="c">Philipe Di Francesco; Pierre Mathieu; David Senechal</subfield></datafield><datafield ind1=" " ind2=" " tag="260"><subfield code="a">New York</subfield><subfield code="b">Springer-Verlag</subfield><subfield code="c">1997</subfield></datafield><datafield ind1=" " ind2=" " tag="300"><subfield code="a">890 p</subfield><subfield code="b">ilustr</subfield></datafield><datafield ind1=" " ind2=" " tag="490"><subfield code="a">Graduate Texts in Contemporary Physics</subfield></datafield><datafield ind1=" " ind2=" " tag="504"><subfield code="a">Contine referinte bibliografice si Index</subfield></datafield><datafield ind1=" " ind2="4" tag="650"><subfield code="a">Conformal invariants</subfield></datafield><datafield ind1=" " ind2=" " tag="650"><subfield code="a">Quantum field theory</subfield></datafield><datafield ind1="1" ind2=" " tag="700"><subfield code="a">Senechal, David</subfield></datafield><datafield ind1=" " ind2=" " tag="852"><subfield code="a">81770</subfield><subfield code="c">530.1</subfield></datafield><datafield ind1=" " ind2=" " tag="CAT"><subfield code="a">Sys</subfield><subfield code="c">20110324</subfield><subfield code="h">094521</subfield></datafield></record></collection>